%% This BibTeX bibliography file was created using BibDesk.
%% http://bibdesk.sourceforge.net/


%% Created for Dominique Fober at 2014-10-20 15:19:12 +0200 


%% Saved with string encoding Unicode (UTF-8) 



@inproceedings{Someone:13,
	Address = {Paris},
	Author = {A. Someone and B. Someone and C. Someone},
	Booktitle = {Proc. Int. Conf. on New Tools for Music Notation and Representation - TENOR 2015},
	Date-Modified = {2014-10-20 13:19:09 +0000},
	Pages = {213--218},
	Title = {The title of the conf paper},
	Year = {2015}}

@article{Someone:09,
	Author = {A. Someone and B. Someone and C. Someone},
	Journal = {J. New Music Research},
	Number = {2},
	Pages = {111--222},
	Title = {The title of the journal paper},
	Volume = {12},
	Year = {2009}}

@book{Someone:04,
	Author = {X. Someone and Y. Someone},
	Publisher = {Springer-Verlag},
	Title = {The Title of the Book},
	Year = {2004}}
