%% This BibTeX bibliography file was created using BibDesk.
%% http://bibdesk.sourceforge.net/


%% Created for Jeffrey Trevino at 2016-11-04 12:17:39 -0700 


%% Saved with string encoding Unicode (UTF-8) 



@inproceedings{wust2001architectural,
	Author = {W{\"u}st, Otto and Jord{\`a}, Sergi},
	Booktitle = {Proceedings of the 2001 International Computer Music Conference},
	Date-Added = {2016-11-04 19:06:50 +0000},
	Date-Modified = {2016-11-04 19:17:39 +0000},
	Pages = {298--301},
	Title = {{Architectural Overview of a System for Collaborative Music Composition over the Web}}}

@inproceedings{roland2002music,
	Author = {Roland, Perry},
	Booktitle = {{Proceedings of the First International Conference on Musical Applications Using XML}},
	Date-Added = {2016-11-04 07:02:16 +0000},
	Date-Modified = {2016-11-04 07:17:04 +0000},
	Pages = {55--59},
	Title = {{The Music Encoding Initiative (MEI)}},
	Year = {2002}}

@inproceedings{Bille:2005ec,
	Author = {Bille, P.},
	Booktitle = {Theoretical Computer Science},
	Date-Added = {2016-11-04 06:59:23 +0000},
	Date-Modified = {2016-11-04 07:00:27 +0000},
	Month = {June},
	Pages = {unknown},
	Title = {{A Survey on Tree Edit Distance and Related Problems}},
	Volume = {337},
	Year = {2005}}

@inproceedings{Cobena:2002gd,
	Author = {Cob\'{e}na, G. and others},
	Booktitle = {{Proceedings of the 18th International Conference on Data Engineering}},
	Date-Added = {2016-11-04 06:57:23 +0000},
	Date-Modified = {2016-11-04 07:13:12 +0000},
	Month = {February and March},
	Pages = {41--52},
	Publisher = {IEEE},
	Title = {{Detecting Changes in XML Documents}},
	Year = {2002}}

@inproceedings{Chawathe:1996jb,
	Author = {Chawathe, S. and others},
	Booktitle = {{Proceedings of the ACM SIGMOD International Conference on Management of Data} (SIGMOD '96)},
	Date-Added = {2016-11-04 06:54:15 +0000},
	Date-Modified = {2016-11-04 07:15:44 +0000},
	Month = {June},
	Pages = {493--504},
	Title = {{Change Detection in Hierarchically Structured Information}},
	Year = {1996}}

@url{Designs:qm,
	Author = {Designs, S.},
	Date-Added = {2016-11-04 06:49:18 +0000},
	Date-Modified = {2016-11-04 06:52:49 +0000},
	Title = {{Semantic Designs: Smart Differencer Tool}},
	Url = {http://www.semdesigns.com/Products/SmartDifferencer/},
	Urldate = {November 4, 2016},
	Bdsk-Url-1 = {http://www.semdesigns.com/Products/SmartDifferencer/}}

@phdthesis{Zhang:1989il,
	Author = {Zhang, K.},
	Date-Added = {2016-11-04 06:48:01 +0000},
	Date-Modified = {2016-11-04 06:48:39 +0000},
	School = {New York University (NYU)},
	Title = {{The Editing Distance between Trees: Algorithms and Applications}},
	Year = {1989}}

@article{Zhang:1989ec,
	Author = {Zhang, K. and Shasha, D.},
	Date-Added = {2016-11-04 06:46:33 +0000},
	Date-Modified = {2016-11-04 07:04:08 +0000},
	Journal = {Siam Journal of Computing},
	Month = {December},
	Pages = {1245--1262},
	Title = {{Simple Fast Algorithms for the Editing Distance between Trees and Related Problems}},
	Volume = {18},
	Year = {1989}}

@inproceedings{Martin:2015pb,
	Author = {Martin, Daniel and others},
	Booktitle = {{Proceedings of The First International Conference on Technologies for Music Notation and Representation}},
	Date-Added = {2016-11-04 06:37:49 +0000},
	Date-Modified = {2016-11-04 07:15:27 +0000},
	Title = {{LeadsheetJS: A Javascript Library for Online Lead Sheet Editing}},
	Year = {2015}}

@inproceedings{McCulloch:2015pd,
	Author = {McCulloch, Peter},
	Booktitle = {{Proceedings of The First International Conference on Technologies for Music Notation and Representation}},
	Date-Added = {2016-11-04 06:24:27 +0000},
	Date-Modified = {2016-11-04 07:15:06 +0000},
	Title = {{THEMA: A Music Notation Software Package with Integrated and Automatic Data Collection}},
	Year = {2015}}
